@article{hetherington_2001_partisan,
   author = {Hetherington, Marc J.},
   title = {Resurgent Mass Partisanship: The Role of Elite Polarization},
   journal = {American Political Science Review},
   volume = {95},
   number = {3},
   pages = {619-631},
   year = {2001},
   keywords = {english}
}

@article{layman_geoffrey_2002_conflict,
   author = {Layman, Geoffrey C. and Thomas M. Carsey},
   title = {Party Polarization and "Conflict Extension" in the American Electorate},
   journal = {American Journal of Political Science},
   volume = {46},
   number = {4},
   pages = {786-802},
   year = {2002},
   keywords = {english}
}


@article{layman_et_al_2006_polar,
   author = {Layman, Geoffrey C. and Thomas M. Carsey and Juliana Menasce Horowitz},
   title = {Party Polarization in American Politics: Characteristics, Causes, and Consequences},
   journal = {Annual Review of Political Science},
   volume = {9},
   number = {1},
   pages = {83-110},
   year = {2006},
   keywords = {english}
}

@book{zaller_1992_mass,
   author = {Zaller, John},
   title = {The Nature and Origins of Mass Opinion},
   publisher = {Cambridge University Press},
   address = {Cambridge},
   year = {1992},
   keywords = {english}
}

@article{iyengar_et_al_2012_affective,
   author = {Iyengar, Shanto and Gaurav Sood and Yphtach Lelkes},
   title = {Affect, Not Ideology},
   journal = {Public Opinion Quarterly},
   volume = {76},
   number = {3},
   pages = {405-431},
   year = {2012},
   keywords = {english}
}

@article{iyengar_et_al_2019_affective,
   author = {Iyengar, Shanto and Yphtach Lelkes and Matthew Levendusky and Neil Malhotra and Sean J. Westwood},
   title = {The Origins and Consequences of Affective Polarization in the United States},
   journal = {Annual Review of Political Science},
   volume = {22},
   number = {1},
   pages = {129-146},
   year = {2019},
   keywords = {english}
}

@article{sheng_2010_longtitude,
   title = {台灣選民政黨認同的穩定與變遷：定群追蹤資料的應用},
   author = {盛杏湲},
   journal = {選舉研究},
   volume = {17},
   number = {2},
   year = {2010},
   pages = {1-33},
   language = {chinese},
   publisher = {政治大學選舉研究中心},
   keywords = {chinese}
}

@article{chen_et_al_2009_cross,
   title = {兩岸關係與 2008 年台灣總統大選: 認同, 利益, 威脅與選民投票取向},
   author = {陳陸輝 and 耿曙 and 王德育},
   journal = {選擧硏究},
   volume = {16},
   number = {2},
   pages = {1--22},
   year = {2009},
   keywords = {chinese}
}

@article{hawang_2004_legi,
   title = {政黨輪替前後的立法院內投票結盟},
   author = {黃秀端},
   journal ={選舉研究},
   volume ={11},
   number ={1},
   year ={2004},
   pages ={1-32},
   language ={chinese},
   publisher ={政治大學選舉研究中心},
   keywords = {chinese}
}

@article{sheng_2003_compare,
   title = {台灣民眾民主價值及政治信任感研究—政黨輪替前後的比較},
   author = {盛治仁},
   journal = {選舉研究},
   volume = {10},
   number = {1},
   year = {2003},
   pages = {115-169},
   language = {chinese},
   publisher = {政治大學選舉研究中心},
   keywords = {chinese}
}


@article{juang_et_al_2017_curroption,
   title = {政黨認同如何影響民衆對政府清廉的評價},
   author = {莊文忠 and 徐明莉 and 黃東益 and 李仲彬},
   journal = {東吳政治學報},
   volume = {35},
   number = {1},
   year = {2017},
   pages = {93-141},
   language = {chinese},
   ISSN = {1019-8636},
   publisher = {東吳大學政治系},
   keywords = {chinese}
}

